
@book{bool,
    author = "Sanjeev Arora and Boaz Barak",
    title = "Computational Complexity: A Modern Approach",
    pages= "101--103",
    publisher="Cambridge University Press",
    year = "2009",
    url = "http://theory.cs.princeton.edu/complexity/circuitschap.pdf"
}

@article{clark,
  author    = "Clark Thomborson",
  title     = "Benchmarking Obfuscators of Functionality",
  journal   = "CoRR",
  volume    = "abs/1501.02885",
  year      = "2015",
  url       = "http://arxiv.org/abs/1501.02885",
  timestamp = "Mon, 02 Feb 2015 14:12:25 +0100",
  biburl    = "http://dblp.uni-trier.de/rec/bib/journals/corr/Thomborson15",
  bibsource = "dblp computer science bibliography, http://dblp.org"
}

@book{cpu,
  author  = "Cristopher Moore, Stephan Mertens",
  title   = "The Nature of Computation",
  pages   = "131",
  publisher = "OUP Oxford",
  year    = "2011"
}

@misc{notes,
  author    = "Ryan Willams",
  title     = "An Overview of Circuit Complexity",
  notes     = "Lecture Notes for 9/27 and 9/29",
  url       = "http://web.stanford.edu/~rrwill/week1.pdf"
}

@misc{barak,
  author = {B. Barak O. Goldreich R.Impagliazzo S. Rudich A. Sahai S. Vadhan K. Yang},
  title = "On the (Im)possibility of Obfuscating Programs",
  year = "2001"
}

@misc{boneh,
    author = {Dan Boneh and Amit Sahai and Brent Waters},
    title = {Functional Encryption: Definitions and Challenges},
    howpublished = {Cryptology ePrint Archive, Report 2010/543},
    year = {2010},
    note = {\url{http://eprint.iacr.org/}},
}

@misc{garg,
    author = {Sanjam Garg and Craig Gentry and Shai Halevi and Mariana Raykova and Amit Sahai and Brent Waters},
    title = {Candidate Indistinguishability Obfuscation and Functional Encryption for all circuits},
    howpublished = {Cryptology ePrint Archive, Report 2013/451},
    year = {2013},
}

@incollection{tum,
  year={2015},
  isbn={978-3-319-15617-0},
  booktitle={Engineering Secure Software and Systems},
  volume={8978},
  series={Lecture Notes in Computer Science},
  editor={Piessens, Frank and Caballero, Juan and Bielova, Nataliia},
  doi={10.1007/978-3-319-15618-7_12},
  title={Idea: Benchmarking Indistinguishability Obfuscation -- A Candidate Implementation},
  url={http://dx.doi.org/10.1007/978-3-319-15618-7_12},
  publisher={Springer International Publishing},
  author={Banescu, Sebastian and Ochoa, Mart{\'{i}}n and Kunze, Nils and Pretschner, Alexander},
  pages={149-156},
  language={English}
}

@online{perfwiki,
  author = {Perf},
  title = {Linux Kernal Organisation - Perf Wiki},
  url = {http://perf.wiki.kernal.org},
  year = {2015}
}

@online{ibm,
  author = {A. Zanella, R. Arnold.},
  title = {Evaluate performance for Linux on POWER. Analyze performance using Linux tools},
  url = {http://www.ibm.com/developerworks/linux/library/l-evaluatelinuxonpower/},
  notes = {IBM DeveloperWorks Technical library},
  year = {2012}
}

@online{perf_impl,
  author = {Roberto A. Vitillo (LBNL).},
  title = {Performance Tools Developments},
  notes = {presentation from "Future computing in particle physics" conference},
  url = {http://indico.cern.ch/event/141309/contributions/1369454/attachments/126021/},
  year = {2011}
}

@misc{jmor,
author = {John Morris},
title = {Computer Architecture},
howPublished = {SOFTENG363, University of Auckland},  
year = {2008},
url = {https://www.cs.auckland.ac.nz/~jmor159/363/html/pipelines.html}
}

@misc{agner,
title = {The microarchitecture of Intel, AMD and VIA CPUs An optimization guide for assembly programmers and compiler makers},
author = {Agner Fog},
publisher = {Technical University of Denmark},
year = {2016},
url = {http://www.agner.org/optimize/microarchitecture.pdf}
}